@article{haas2004web,
  title={Web services glossary},
  author={Haas, Hugo and Brown, Allen},
  journal={W3C Working Group Note (11 February 2004)},
  volume={9},
  year={2004}
}

@misc{fielding2000fielding,
  title={Fielding Dissertation: Chapter 5: Representational State Transfer (REST)},
  author={Fielding, Roy},
  year={2000},
  publisher={Retrieved from}
}

@inproceedings{popa2010http,
  title={HTTP as the narrow waist of the future Internet},
  author={Popa, Lucian and Ghodsi, Ali and Stoica, Ion},
  booktitle={Proceedings of the 9th ACM SIGCOMM Workshop on Hot Topics in Networks},
  pages={6},
  year={2010},
  organization={ACM}
}

@inproceedings{koponen2007data,
  title={A data-oriented (and beyond) network architecture},
  author={Koponen, Teemu and Chawla, Mohit and Chun, Byung-Gon and Ermolinskiy, Andrey and Kim, Kye Hyun and Shenker, Scott and Stoica, Ion},
  booktitle={ACM SIGCOMM Computer Communication Review},
  volume={37},
  number={4},
  pages={181--192},
  year={2007},
  organization={ACM}
}

@inproceedings{jacobson2009networking,
  title={Networking named content},
  author={Jacobson, Van and Smetters, Diana K and Thornton, James D and Plass, Michael F and Briggs, Nicholas H and Braynard, Rebecca L},
  booktitle={Proceedings of the 5th international conference on Emerging networking experiments and technologies},
  pages={1--12},
  year={2009},
  organization={ACM}
}

@article{ain2009d2,
  title={D2. 3--architecture definition, component descriptions, and requirements},
  author={Ain, Mark and Trossen, Dirk and Nikander, Pekka and Tarkoma, Sasu and Visala, Kari and Rimey, Ken and Burbridge, T and Rajahalme, J and Tuononen, J and Jokela, P and others},
  journal={Deliverable, PSIRP 7th FP EU-funded project},
  year={2009}
}

@article{ahlgren2010second,
  title={Second netinf architecture description},
  author={Ahlgren, B and D’ambrosio, M and Dannewitz, C and Eriksson, A and Golic, J and Gr{\"o}nvall, B and Horne, D and Lindgren, A and M{\"a}mmel{\"a}, O and Marchisio, M and others},
  journal={4WARD EU FP7 Project, Deliverable D-6.2 v2. 0},
  year={2010}
}

@article{ahlgren2012survey,
  title={A survey of information-centric networking},
  author={Ahlgren, Bengt and Dannewitz, Christian and Imbrenda, Claudio and Kutscher, Dirk and Ohlman, B{\"o}rje},
  journal={Communications Magazine, IEEE},
  volume={50},
  number={7},
  pages={26--36},
  year={2012},
  publisher={IEEE}
}

@article{fensel2002web,
  title={The web service modeling framework WSMF},
  author={Fensel, Dieter and Bussler, Christoph},
  journal={Electronic Commerce Research and Applications},
  volume={1},
  number={2},
  pages={113--137},
  year={2002},
  publisher={Elsevier}
}

@article{tsalgatidou2002overview,
  title={An overview of standards and related technology in web services},
  author={Tsalgatidou, Aphrodite and Pilioura, Thomi},
  journal={Distributed and Parallel Databases},
  volume={12},
  number={2-3},
  pages={135--162},
  year={2002},
  publisher={Springer}
}

@article{bussler2001b2b,
  title={B2b protocal standards and their role in semantic b2b integration engines},
  author={Bussler, Christoph and others},
  journal={IEEE Data Eng. Bull.},
  volume={24},
  number={1},
  pages={3--11},
  year={2001},
  publisher={Citeseer}
}

@article{WSMF-imp,
  title={要素细化与代码实现——WSMF 模型},
  author={黄映辉 and 李冠宇},
  journal={计算机应用},
  volume={28},
  number={8},
  pages={2156--2159},
  year={2008}
}

@inproceedings{klein2001serching,
  title={Serching for services on the semantic web using process ontologies.},
  author={Klein, Mark and Bernstein, Abraham},
  booktitle={The Emerging Semantic Web},
  year={2001}
}

@misc{nadalin2002web,
  title={Web Services Security},
  author={Nadalin, Anthony and others},
  year={2002}
}

@misc{alliancerestful,
  title={RESTful bindings for Parlay X Web Services (ParlayREST) V2. 0-Candidate Enabler-Release date: 2011-01-11},
  author={Alliance, Open Mobile}
}

@article{barnes2009centralized,
  title={Centralized Conferencing Manipulation Protocol},
  author={Barnes, M and Boulton, C and Romano, SP and Schulzrinne, H},
  journal={draft-ietf-xcon-ccmp-02 (work in progress)},
  year={2009}
}

@article{xylomenos2014survey,
  title={A survey of information-centric networking research},
  author={Xylomenos, George and Ververidis, Christopher N and Siris, Vasilios A and Fotiou, Nikos and Tsilopoulos, Christos and Vasilakos, Xenofon and Katsaros, Konstantinos V and Polyzos, George C},
  journal={Communications Surveys \& Tutorials, IEEE},
  volume={16},
  number={2},
  pages={1024--1049},
  year={2014},
  publisher={IEEE}
}

@inproceedings{nordstrom2012serval,
  title={Serval: An end-host stack for service-centric networking},
  author={Nordstr{\"o}m, Erik and Shue, David and Gopalan, Prem and Kiefer, Robert and Arye, Matvey and Ko, Steven Y and Rexford, Jennifer and Freedman, Michael J},
  booktitle={Proceedings of the 9th USENIX conference on Networked Systems Design and Implementation},
  pages={7--7},
  year={2012},
  organization={USENIX Association}
}

@inproceedings{braun2011service,
  title={Service-centric networking},
  author={Braun, Torsten and Hilt, Volker and Hofmann, Markus and Rimac, Ivica and Steiner, Moritz and Varvello, Matteo},
  booktitle={Communications Workshops (ICC), 2011 IEEE International Conference on},
  pages={1--6},
  year={2011},
  organization={IEEE}
}

@inproceedings{braun2013service,
  title={Service-centric networking extensions},
  author={Braun, Torsten and Mauthe, Andreas and Siris, Vasilios},
  booktitle={Proceedings of the 28th Annual ACM Symposium on Applied Computing},
  pages={583--590},
  year={2013},
  organization={ACM}
}

@article{wu2014sofia,
  title={SOFIA: toward service-oriented information centric networking},
  author={Wu, Qinghua and Li, Zhenyu and Zhou, Jianer and Jiang, Heng and Hu, Zhiyang and Liu, Yunjie and Xie, Gaogang},
  journal={Network, IEEE},
  volume={28},
  number={3},
  pages={12--18},
  year={2014},
  publisher={IEEE}
}

@article{clark1990architectural,
  title={Architectural considerations for a new generation of protocols},
  author={Clark, David D and Tennenhouse, David L},
  journal={ACM SIGCOMM Computer Communication Review},
  volume={20},
  number={4},
  pages={200--208},
  year={1990},
  publisher={ACM}
}

@article{pugh1990skip,
  title={Skip lists: a probabilistic alternative to balanced trees},
  author={Pugh, William},
  journal={Communications of the ACM},
  volume={33},
  number={6},
  pages={668--676},
  year={1990},
  publisher={ACM}
}